# -*- org -*-

* Prelude 
* ------------

##############################################################################
* Strings
##############################################################################


##############################################################################
* Full System
##############################################################################

@book{tecs,
 author =  "Noam Nisan and Shimon Shocken",
 title = "The Elements of Computing Systems",
 publisher = "MIT Press", 
 year = 2005
}
#\bibitem[5]{nand2tetris} Noam Nisan et al.,
#{\em From NAND to Tetris}, %\url{http://www.nand2tetris.org}


@book{project-oberon,
 author = "Niklaus Wirth and Jurg Gutknecht",
 title = "Project Oberon: The Design of an Operating System and Compiler",
 publisher = "Addison-Wesley",
 year = 1992
}

@book{mmixware,
 author = "Donald E. Knuth",
 title = "MMIXWare, a RISC Computer for the Third Millenium",
 publisher = "Springer",
 year = 1999,
}

##############################################################################
* CS overview
##############################################################################

@book{cs-bryant,
 author = "Randal E. Bryant and David R. O'Hallaron",
 title = "Computer Systems: A Programmer's Perspective",
 publisher = "Prentice Hall",
 year = 2010
}
# 2nd edition 2010
 

##############################################################################
* Algorithmic
##############################################################################

@book{taocp,
 author = "Donald Knuth",
 title = "The Art of Computer Programming, Volume 1, 2, 3 and 4",
 publisher = "Addison-Wesley",
}

##############################################################################
* Architecture
##############################################################################

@book{patterson,
 author =  "David A. Patterson and John L. Hennessy",
 title = "Computer Organization and Design: The Hardware/Software Interface",
 publisher = "MIT Press",
 year = 2005,
}

@book{tannenbaum-archi,
 author = "Andrew S Tanenbaum",
 title = "Structured Computer Organization",
 publisher = "Prentice Hall", 
 year = 1988,
}


##############################################################################
* OS
##############################################################################

@book{lions,
 author = "John Lions",
 title = "Lions Commentary on UNIX 6th Edition, with Source Code",
 publisher = "Peer to Peer Communications",
 year = 1977,
}

@book{minix,
 author = "Andrew S. Tanenbaum",
 title = "Operating Systems Design and Implementation",
 publisher = "Prentice Hall",
 year = 1997,
}

@book{xinu,
 author = "Douglas Comer",
 title = "Operating System Design: The XINU Approach",
 publisher = "Prentice Hall",
 year = 1984,
}

@book{xinu2,
 author = "Douglas Comer",
 title = "Operating System Design: Volume II Internetworking with XINU",
 publisher = "Prentice Hall",
 year = 1987,
}

##############################################################################
* PL
##############################################################################

@book{k-r,
 author = "Brian W. Kernighan and Dennis M. Ritchie",
 title = "The C Programming Language",
 publisher = "Prentice Hall",
 year = 1988
}
# second edition, first edition was in 1978
#https://en.wikipedia.org/wiki/The_C_Programming_Language

##############################################################################
* Compilers
##############################################################################

@book{lcc,
 author = "Christopher Fraser and David Hanson",
 title = "A Retargetable C Compiler: Design and Implementation",
 publisher = "Addison-Wesley",
 year = 1995,
}

##############################################################################
* Literate programming
##############################################################################

@misc{wp-literate-programming,
 author = "Donald Knuth",
 title = "Literate Programming",
 url   = "http://en.wikipedia.org/wiki/Literate\_Program",
}

@misc{noweb,
 author =  "Norman Ramsey",
 title = "Noweb",
 url = "http://www.cs.tufts.edu/~nr/noweb/",
}

@misc{syncweb,
 author =  "Yoann Padioleau",
 title = "Syncweb, literate programming meets unison",
 url = "http://padator.org/software/project-syncweb/readme.txt",
}



##############################################################################
* Mathematics
##############################################################################

@book{principia,
 author = "Alfred N. Whitehead and Bertrand Russell",
 title = "Principia Mathematica",
 publisher = "Cambridge University Press",
 year = 1910
}
